
@article{article,
author = {Müller, Marlene},
year = {2018},
month = {02},
pages = {160-250},
title = {Generalized Linear Models},
journal={parametric and a semiparametric model},
isbn = {978-3-540-66207-5},
}
@Comment{$ biblatex control file $}
@Comment{$ biblatex bcf format version 3.8 $}
% Do not modify this file!
%
% This is an auxiliary file used by the 'biblatex' package.
% This file may safely be deleted. It will be recreated as
% required.

@Control{biblatex-control,
  options = {3.8:0:0:1:0:1:1:0:0:1:0:2:1:1:10:1:0:0:3:1:79:+:+:nyt},
}

@article{article,
author = {Özenboy, Başar and Tekir, Selma},
year = {2019},
month = {12},
pages = {840-849},
title = {Sales History-based Demand Prediction using Generalized Linear Models},
volume = {23},
doi = {10.19113/sdufenbed.558620}
}

@article{goldburd2016generalized,
  title={Generalized linear models for insurance rating},
  author={Goldburd, Mark and Khare, Anand and Tevet, Dan and Guller, Dmitriy},
  journal={Casualty Actuarial Society, CAS Monographs Series},
  volume={5},
  year={2016}
}

@book{mccullagh2019generalized,
  title={Generalized linear models},
  author={McCullagh, Peter and Nelder, John A},
  year={2019},
  publisher={Routledge}
}
@article{nelder1972generalized,
	title={Generalized linear models},
	author={Nelder, John Ashworth and Wedderburn, Robert WM},
	journal={Journal of the Royal Statistical Society: Series A (General)},
	volume={135},
	number={3},
	pages={370--384},
	year={1972},
	publisher={Wiley Online Library}
}

@phdthesis{silva2021risk,
  title={Risk modeling journey-GLM and impact analysis},
  author={Silva, Jairo Moreira Caetano da},
  year={2021},
  school={Instituto Superior de Economia e Gest{\~a}o}
}

@inproceedings{cerchiara2018generalized,
  title={Generalized linear models in life insurance: decrements and risk factor analysis under Solvency II},
  author={Cerchiara, Rocco Roberto and Edwards, Matthew and Gambini, Alessandra},
  booktitle={18th international AFIR colloquium},
  year={2018},
  organization={Citeseer}
}


@article{bax2018listing,
  title={Listing price estimation of apartments: A generalised linear model},
  author={Bax Dane},
  journal={Journal of Economic and Financial Sciences},
  volume={12},
  number={1},
  pages={1--11},
  year={2018},
  publisher={AOSIS}
}
@phdthesis{alidrees2020forecasting,
  title={Forecasting Consumer Consumption Behavior of Water Bottles Using Generlized Linear Model for Supply Chain Resilience},
  author={Alidrees, Abdulaziz},
  year={2020},
  school={The University of Texas at El Paso}
}
@misc{karlsson2020purchase,
  title={Purchase analysis in the retail industry using Generalized Linear Models},
  author={Karlsson, Sofia},
  pages={100-130},
  volume={10},
  year={2020},
}
@inproceedings{murphy2018using,
  title={Using generalized linear models to build dynamic pricing systems},
  author={Murphy, Karl P and Brockman, Michael J and Lee, Peter KW},
  booktitle={Casualty Actuarial Society Forum, Winter},
  pages={107--139},
  year={2018},
  organization={Citeseer}
}

@article{article,
author = {Kafková, Silvie and Krivankova, Lenka},
year = {2014},
month = {02},
pages = {383-388},
title = {Generalized Linear Models in Vehicle Insurance},
volume = {62},
journal = {Acta Universitatis Agriculturae et Silviculturae Mendelianae Brunensis},
doi = {10.11118/actaun201462020383}
}
@article{wamwea2019modelling,
  title={Modelling a pay-as-you-drive insurance pricing structure using a generalized linear model: Case study of a company in Kiambu},
  author={Wamwea, Charity Mkajuma and Muema, Benjamin Kyalo and Mung’atu, Joseph Kyalo and others},
  journal={American Journal of Theoretical and Applied Statistics},
  volume={4},
  number={6},
  pages={527--533},
  year={2019}
}
@techreport{reyes2001four,
  title={Four main theories of development: Modernization, dependency, world-systems, and globalization},
  author={Reyes-Ortiz},
  year={2001},
  institution={Universidad de Guadalajara}
}
@article{chan2000understanding,
  title={Understanding adaptation to changes in the work environment: Integrating individual difference and learning perspectives},
  author={Chan, David},
  year={2000},
  publisher={JAI Press}
}
@article{moran2018new,
  title={New models for old questions: generalized linear models for cost prediction},
  author={Moran, John L and Solomon, Patricia J and Peisach, Aaron R and Martin, Jeffrey},
  journal={Journal of evaluation in clinical practice},
  volume={13},
  number={3},
  pages={381--389},
  year={2018},
  publisher={Wiley Online Library}
}
@book{james2013introduction,
	title={An Introduction to Statistical Learning: with Applications in R},
	author={James, G. and Witten, D. and Hastie, T. and Tibshirani, R.},
	isbn={9781461471394},
	series={Springer Texts in Statistics},
	url={https://books.google.co.ke/books?id=ocK3tAEACAAJ},
	year={2013},
	publisher={Springer New York}
}
@book{Montgomery,
	added-at = {2012-10-08T16:15:49.000+0200},
	author = {Montgomery, Douglas C. and Peck, Elizabeth A. and Vining, Geoffrey G.},
	biburl = {https://www.bibsonomy.org/bibtex/24187b5938a0ffe49b30bb53ef9808edb/beyondhor1zon},
	interhash = {13868ef442f7e631a24ef8166520079f},
	intrahash = {4187b5938a0ffe49b30bb53ef9808edb},
	isbn = {0471754951},
	keywords = {montgomery},
	publisher = {Wiley \& Sons},
	timestamp = {2012-10-08T16:15:49.000+0200},
	title = {Introduction to Linear Regression Analysis (4th ed.)},
	year = 2006
}
@book{greene2012mastery,
	title={Mastery},
	author={Greene, R.},
	isbn={9781847653314},
	series={The Modern Machiavellian Robert Greene},
	url={https://books.google.co.ke/books?id=ObtCSg3BZBIC},
	year={2012},
	publisher={Profile}
}
@book{berndtsson2002planning,
	title={Planning and Implementing your Final Year Project — with Success!: A Guide for Students in Computer Science and Information Systems},
	author={Berndtsson, M. and Hansson, J. and Olsson, B. and Lundell, B.},
	isbn={9781852333324},
	lccn={2002070837},
	url={https://books.google.co.ke/books?id=bGmJQBeicVQC},
	year={2002},
	publisher={Springer}
}
@misc{stuart1984sir,
	title={Sir Maurice Kendall, 1907-1983},
	author={Stuart, Alan},
	year={1984},
	publisher={JSTOR}
}

@article{lasek2019restaurant,
	title={Restaurant sales and customer demand forecasting: Literature survey and categorization of methods},
	author={Lasek, Agnieszka and Cercone, Nick and Saunders, Jim},
	journal={Smart city 360},
	pages={479--491},
	year={2019},
	publisher={Springer}
}
@article{yilmaz2020forecasting,
	title={Forecasting house prices in Turkey: GLM, VaR and time series approaches},
	author={Yilmaz},
	journal={Journal of Business Economics and Finance},
	volume={9},
	number={4},
	pages={274--291},
	year={2020}
}
@article{zelingher2020assessing,
	title={Assessing the sensitivity of global maize price to regional productions using statistical and machine learning methods},
	author={Zelingher, Rotem and Makowski, David and Brunelle, Thierry},
	journal={Frontiers in Sustainable Food Systems},
	volume={5},
	pages={171},
	year={2020},
	publisher={Frontiers}
}
@article{elliot2019time,
	title={Time series prediction: Predicting stock price},
	author={Elliot, Cheng Hua},
	journal={Predicting stock price},
	year={2019},
	pages={50-70},
	volume={6}
}
@article{sazontyevrossmannz,
	title={Rossmann store sales quantity prediction},
	author={Sazontyev, Vladimir}
	year={2018}
}

@article{sazontyevrossmann,
	title={Rossmann store sales quantity prediction},
	author={Sazontyev},
	journal={Sales prediction},
	volume={50},
	number={1},
	pages={137--175},
	year={2018},
	publisher={Springer}
}
@inproceedings{minka2000beyond,
	author = {Minka, Tom},
	title = {Beyond Newton's Method},
	year = {2000},
	month = {April},
	abstract = {Newton's method for optimization is equivalent to iteratively maximizing a local quadratic approximation to the objective function. But some functions are not well-approximated by a quadratic, leading to slow convergence, and some have turning points where the curvature changes sign, leading to failure. The fix this, we can use a more appropriate choice of local approximation than quadratic, based on the type of function we are optimizing. This paper demonstrates three such generalized Newton rules. Like Newton's method, they only involve the first two derivatives of the function, yet converge faster and fail less often.},
	url = {https://www.microsoft.com/en-us/research/publication/beyond-newtons-method/},
}